@book {M.Mitchell,
     AUTHOR = {Tom M. Mitchell},
     TITLE = {Machine Learning},
     PUBLISHER = {McGraw-Hill Science/Engineering/Math},
     YEAR = {March 1,1997},
     PAGES = {432},
}

@book {Vapnik,
     AUTHOR = {Vladimir N.Vapnik},
     TITLE = {The Nature of Statistical Learning Theory},  
     PUBLISHER = {Springer-Verlag, New York},
     YEAR = {1999},
     EDITION = {Second},
     PAGES = {334},
}

@book {Vapnikorig,
     AUTHOR = {Vladimir N.Vapnik},
     TITLE = {Statistical Learning Theory},  
     PUBLISHER = {John Wiley \& Sons, New York},
     YEAR = {1998},
     SERIES = {Second},
     EDITION = {Second},
     PAGES = {760},
}

@book {UML,
     AUTHOR = {Shai Shalev-Shwartz and Shai Ben-David},
     TITLE = {Understanding Machine Learning: From Theory to Algorithms},  
     PUBLISHER = {Cambridge University Press, New York},
     YEAR = {2014},
     PAGES = {449},
}

@book {data,
     AUTHOR = { Abu-Mostafa  M. Magdon-Ismail and H.T. Lin},
     TITLE = {Learning from Data, a short course},  
     NOTE = {volume 4},
     PUBLISHER = {AMLBook, New York, USA},
     YEAR = {2012},
     PAGES = {215},
}


@book {probreal,
     AUTHOR = {Vijay K. Rohatgi and A. K. MD. Ehsanes Saleh},
     TITLE = {An Introduction to Probability and Statistics},  
     EDITION = {Second},
     YEAR = {2001},
     PAGES = {747},
     SERIES = {Wiley series in probability and statistics},  
     PUBLISHER = {John Wiley \& Sons, New York},
     
}

@book{Rohatgi2000,
  doi = {10.1002/9781118165676},
  url = {https://doi.org/10.1002/9781118165676},
  year = {2000},
  month = sep,
  publisher = {John Wiley {\&} Sons,  Inc.},
  author = {Vijay K. Rohatgi and A. K. MD. Ehsanes Saleh},
  title = {An Introduction to Probability and Statistics}
}

@book {probcourse,
     AUTHOR = {Achim Klenke},
     TITLE = {Probability Theory: A Comprehensive Course},  
     EDITION = {Second},
     SERIES = {Universitext},
     PUBLISHER = {Springer, London},
     YEAR = {2013},
     PAGES = {633},
}


@article{shadrin2004twelve,
  title={Twelve proofs of the Markov inequality},
  author={Shadrin, Aleksei},
  journal={Approximation theory: a volume dedicated to Borislav Bojanov},
  pages={233--298},
  year={2004}
}


@book {PSE,
     AUTHOR = {Yuri Suhov, Mark Kelbert},
     TITLE = {Probability and Statistics by Example},  
     EDITION = {Second},
     PUBLISHER = {Cambriadge},
     YEAR = {2014},
     PAGES = {373},
}


@book {FML,
     AUTHOR = {Mehryar, Afshing, Ameet},
     TITLE = {Foundation of Machine Learning},  
     EDITION = {Second},
     PUBLISHER = {Cambriadge},
     YEAR = {2012},
     PAGES = {427},
}


Cálculo diferencial de funciones de varias variables

@book {FJP,
     AUTHOR = {Francisco Javier Pérez},
     TITLE = {Cálculo diferencial de funciones de varias variables},  
     PUBLISHER = {UGR},
     EDITION = {Primera},
     YEAR = {2016},
     PAGES = {107},
}

@book {RealComplexAnalisis,
     AUTHOR = {Rudin, Walter},
     TITLE = {Real and Complex Analisis},  
     PUBLISHER = {McGraw-HilI},
     EDITION = {First},
     YEAR = {1921},
     PAGES = {433},
}

@book {TeoremaAproxUni,
     AUTHOR = {George Cybenko},
     TITLE = {Approximation by superpositions of a sigmoidal
function},  
     PUBLISHER = {Springer},
     EDITION = {First},
     YEAR = {1989},
     PAGES = {12},
}

@book {GeneralTopology,
     AUTHOR = {A.V.Arkhangel'skii, L.S.Pontryagin},
     TITLE = {General Topology I},  
     PUBLISHER = {Springer Berlin, Heidelberg},
     EDITION = {First},
     YEAR = {1988},
     PAGES = {202},
}

@article{lu2017expressive,
  title={The expressive power of neural networks: A view from the width},
  author={Lu, Zhou and Pu, Hongming and Wang, Feicheng and Hu, Zhiqiang and Wang, Liwei},
  journal={Advances in neural information processing systems},
  volume={30},
  year={2017}
}


@article{cauchy1847methode,
  title={M{\'e}thode g{\'e}n{\'e}rale pour la r{\'e}solution des systemes d’{\'e}quations simultan{\'e}es},
  author={Cauchy, Augustin and others},
  journal={Comp. Rend. Sci. Paris},
  volume={25},
  number={1847},
  pages={536--538},
  year={1847}
}

@article{curry1944method,
  title={The method of steepest descent for non-linear minimization problems},
  author={Curry, Haskell B},
  journal={Quarterly of Applied Mathematics},
  volume={2},
  number={3},
  pages={258--261},
  year={1944}
}


@inproceedings{pascanu2013difficulty,
  title={On the difficulty of training recurrent neural networks},
  author={Pascanu, Razvan and Mikolov, Tomas and Bengio, Yoshua},
  booktitle={International conference on machine learning},
  pages={1310--1318},
  year={2013},
  organization={PMLR}
}

@article{schmidhuber1997long,
  title={Long short-term memory},
  author={Schmidhuber, J{\"u}rgen and Hochreiter, Sepp and others},
  journal={Neural Comput},
  volume={9},
  number={8},
  pages={1735--1780},
  year={1997}
}

@article{hochreiter1997long,
  title={Long short-term memory},
  author={Hochreiter, Sepp and Schmidhuber, J{\"u}rgen},
  journal={Neural computation},
  volume={9},
  number={8},
  pages={1735--1780},
  year={1997},
  publisher={MIT Press}
}

@article{chung2014empirical,
  title={Empirical evaluation of gated recurrent neural networks on sequence modeling},
  author={Chung, Junyoung and Gulcehre, Caglar and Cho, KyungHyun and Bengio, Yoshua},
  journal={arXiv preprint arXiv:1412.3555},
  year={2014}
}


@inproceedings{datta2017identifying,
  title={Identifying normal, AF and other abnormal ECG rhythms using a cascaded binary classifier},
  author={Datta, Shreyasi and Puri, Chetanya and Mukherjee, Ayan and Banerjee, Rohan and Choudhury, Anirban Dutta and Singh, Rituraj and Ukil, Arijit and Bandyopadhyay, Soma and Pal, Arpan and Khandelwal, Sundeep},
  booktitle={2017 Computing in cardiology (cinc)},
  pages={1--4},
  year={2017},
  organization={IEEE}
}


@inproceedings{zabihi2017detection,
  title={Detection of atrial fibrillation in ECG hand-held devices using a random forest classifier},
  author={Zabihi, Morteza and Rad, Ali Bahrami and Katsaggelos, Aggelos K and Kiranyaz, Serkan and Narkilahti, Susanna and Gabbouj, Moncef},
  booktitle={2017 Computing in Cardiology (CinC)},
  pages={1--4},
  year={2017},
  organization={IEEE}
}


@inproceedings{teijeiro2017arrhythmia,
  title={Arrhythmia classification from the abductive interpretation of short single-lead ECG records},
  author={Teijeiro, Tom{\'a}s and Garc{\'\i}a, Constantino A and Castro, Daniel and F{\'e}lix, Paulo},
  booktitle={2017 Computing in cardiology (cinc)},
  pages={1--4},
  year={2017},
  organization={IEEE}
}

@inproceedings{hong2017encase,
  title={ENCASE: An ENsemble ClASsifiEr for ECG classification using expert features and deep neural networks},
  author={Hong, Shenda and Wu, Meng and Zhou, Yuxi and Wang, Qingyun and Shang, Junyuan and Li, Hongyan and Xie, Junqing},
  booktitle={2017 Computing in cardiology (cinc)},
  pages={1--4},
  year={2017},
  organization={IEEE}
}


@article{ohshuli,
  title={Automated diagnosis of arrhythmia using combination of CNN and LSTM techniques with variable length heart beats},
  author={Oh, Shu Lih and Ng, Eddie YK and San Tan, Ru and Acharya, U Rajendra},
  journal={Computers in biology and medicine},
  volume={102},
  pages={278--287},
  year={2018},
  publisher={Elsevier}
}




@article{GaoJunLi,
  title={An effective LSTM recurrent network to detect arrhythmia on imbalanced ECG dataset},
  author={Gao, Junli and Zhang, Hongpo and Lu, Peng and Wang, Zongmin},
  journal={Journal of healthcare engineering},
  volume={2019},
  year={2019},
  publisher={Hindawi}
}

@article{chenchen,
  title={Automated arrhythmia classification based on a combination network of CNN and LSTM},
  author={Chen, Chen and Hua, Zhengchun and Zhang, Ruiqi and Liu, Guangyuan and Wen, Wanhui},
  journal={Biomedical Signal Processing and Control},
  volume={57},
  pages={101819},
  year={2020},
  publisher={Elsevier}
}

@inproceedings{sanabila2016generative,
  title={Generative oversampling method (GenOMe) for imbalanced data on apnea detection using ECG data},
  author={Sanabila, HR and Kusuma, Ilham and Jatmiko, Wisnu},
  booktitle={2016 International Conference on Advanced Computer Science and Information Systems (ICACSIS)},
  pages={572--579},
  year={2016},
  organization={IEEE}
}

@article{rajesh2018classification,
  title={Classification of imbalanced ECG beats using re-sampling techniques and AdaBoost ensemble classifier},
  author={Rajesh, Kandala NVPS and Dhuli, Ravindra},
  journal={Biomedical Signal Processing and Control},
  volume={41},
  pages={242--254},
  year={2018},
  publisher={Elsevier}
}


@article{khan2021cardiac,
  title={Cardiac disorder classification by electrocardiogram sensing using deep neural network},
  author={Khan, Ali Haider and Hussain, Muzammil and Malik, Muhammad Kamran},
  journal={Complexity},
  volume={2021},
  year={2021},
  publisher={Hindawi}
}


@article{xiao2020heart,
  title={Heart sounds classification using a novel 1-D convolutional neural network with extremely low parameter consumption},
  author={Xiao, Bin and Xu, Yunqiu and Bi, Xiuli and Zhang, Junhui and Ma, Xu},
  journal={Neurocomputing},
  volume={392},
  pages={153--159},
  year={2020},
  publisher={Elsevier}
}

@inproceedings{noman2019short,
  title={Short-segment heart sound classification using an ensemble of deep convolutional neural networks},
  author={Noman, Fuad and Ting, Chee-Ming and Salleh, Sh-Hussain and Ombao, Hernando},
  booktitle={ICASSP 2019-2019 IEEE International Conference on Acoustics, Speech and Signal Processing (ICASSP)},
  pages={1318--1322},
  year={2019},
  organization={IEEE}
}


@article{hou2019lstm,
  title={LSTM-based auto-encoder model for ECG arrhythmias classification},
  author={Hou, Borui and Yang, Jianyong and Wang, Pu and Yan, Ruqiang},
  journal={IEEE Transactions on Instrumentation and Measurement},
  volume={69},
  number={4},
  pages={1232--1240},
  year={2019},
  publisher={IEEE}
}

@article{yildirim2019new,
  title={A new approach for arrhythmia classification using deep coded features and LSTM networks},
  author={Yildirim, Ozal and Baloglu, Ulas Baran and Tan, Ru-San and Ciaccio, Edward J and Acharya, U Rajendra},
  journal={Computer methods and programs in biomedicine},
  volume={176},
  pages={121--133},
  year={2019},
  publisher={Elsevier}
}

@article{khan2021arrhythmia,
  title={Arrhythmia classification techniques using deep neural network},
  author={Khan, Ali Haider and Hussain, Muzammil and Malik, Muhammad Kamran},
  journal={Complexity},
  volume={2021},
  year={2021},
  publisher={Hindawi}
}

@book{Goodfellow-et-al-2016,
    title={Deep Learning},
    author={Ian Goodfellow and Yoshua Bengio and Aaron Courville},
    publisher={MIT Press},
    note={\url{http://www.deeplearningbook.org}},
    year={2016}
}

@article{taxonomia,
  url = {https://arxiv.org/abs/2206.03179},
  author = {Aguilera-Martos, Ignacio and García-Vico, Ángel M. and Luengo, Julián and Damas, Sergio and Melero, Francisco J. and Valle-Alonso, José Javier and Herrera, Francisco},
  keywords = {Neural and Evolutionary Computing (cs.NE), Artificial Intelligence (cs.AI), FOS: Computer and information sciences, FOS: Computer and information sciences},
  title = {TSFEDL: A Python Library for Time Series Spatio-Temporal Feature Extraction and Prediction using Deep Learning (with Appendices on Detailed Network Architectures and Experimental Cases of Study)},
  publisher = {arXiv},
  year = {2022},
  copyright = {arXiv.org perpetual, non-exclusive license}
}

@article{tan2018application,
  title={Application of stacked convolutional and long short-term memory network for accurate identification of CAD ECG signals},
  author={Tan, Jen Hong and Hagiwara, Yuki and Pang, Winnie and Lim, Ivy and Oh, Shu Lih and Adam, Muhammad and San Tan, Ru and Chen, Ming and Acharya, U Rajendra},
  journal={Computers in biology and medicine},
  volume={94},
  pages={19--26},
  year={2018},
  publisher={Elsevier}
}

@article{gao2021end,
  title={An end-to-end atrial fibrillation detection by a novel residual-based temporal attention convolutional neural network with exponential nonlinearity loss},
  author={Gao, Yibo and Wang, Huan and Liu, Zuhao},
  journal={Knowledge-Based Systems},
  volume={212},
  pages={106589},
  year={2021},
  publisher={Elsevier}
}

@article{yao2020multi,
  title={Multi-class arrhythmia detection from 12-lead varied-length ECG using attention-based time-incremental convolutional neural network},
  author={Yao, Qihang and Wang, Ruxin and Fan, Xiaomao and Liu, Jikui and Li, Ye},
  journal={Information Fusion},
  volume={53},
  pages={174--182},
  year={2020},
  publisher={Elsevier}
}

@article{zhang2020ecg,
  title={ECG-based multi-class arrhythmia detection using spatio-temporal attention-based convolutional recurrent neural network},
  author={Zhang, Jing and Liu, Aiping and Gao, Min and Chen, Xiang and Zhang, Xu and Chen, Xun},
  journal={Artificial Intelligence in Medicine},
  volume={106},
  pages={101856},
  year={2020},
  publisher={Elsevier}
}

@article{lynn2019deep,
  title={A deep bidirectional GRU network model for biometric electrocardiogram classification based on recurrent neural networks},
  author={Lynn, Htet Myet and Pan, Sung Bum and Kim, Pankoo},
  journal={IEEE Access},
  volume={7},
  pages={145395--145405},
  year={2019},
  publisher={IEEE}
}

@article{kim2020ensemble,
  title={Ensemble networks for user recognition in various situations based on electrocardiogram},
  author={Kim, Min-Gu and Choi, Chang and Pan, Sung Bum},
  journal={IEEE Access},
  volume={8},
  pages={36527--36535},
  year={2020},
  publisher={IEEE}
}

@article{cai2020accurate,
  title={Accurate detection of atrial fibrillation from 12-lead ECG using deep neural network},
  author={Cai, Wenjuan and Chen, Yundai and Guo, Jun and Han, Baoshi and Shi, Yajun and Ji, Lei and Wang, Jinliang and Zhang, Guanglei and Luo, Jianwen},
  journal={Computers in biology and medicine},
  volume={116},
  pages={103378},
  year={2020},
  publisher={Elsevier}
}

@article{kong2019convolution,
  title={Convolution and long short-term memory hybrid deep neural networks for remaining useful life prognostics},
  author={Kong, Zhengmin and Cui, Yande and Xia, Zhou and Lv, He},
  journal={Applied Sciences},
  volume={9},
  number={19},
  pages={4156},
  year={2019},
  publisher={MDPI}
}

@article{wei2019early,
  title={Early prediction of epileptic seizures using a long-term recurrent convolutional network},
  author={Wei, Xiaoyan and Zhou, Lin and Zhang, Zhen and Chen, Ziyi and Zhou, Yi},
  journal={Journal of neuroscience methods},
  volume={327},
  pages={108395},
  year={2019},
  publisher={Elsevier}
}

@article{lih2020comprehensive,
  title={Comprehensive electrocardiographic diagnosis based on deep learning},
  author={Lih, Oh Shu and Jahmunah, V and San, Tan Ru and Ciaccio, Edward J and Yamakawa, Toshitaka and Tanabe, Masayuki and Kobayashi, Makiko and Faust, Oliver and Acharya, U Rajendra},
  journal={Artificial intelligence in medicine},
  volume={103},
  pages={101789},
  year={2020},
  publisher={Elsevier}
}

@article{huang2020classification,
  title={Classification of atrial fibrillation and normal sinus rhythm based on convolutional neural network},
  author={Huang, Mei-Ling and Wu, Yan-Sheng},
  journal={Biomedical Engineering Letters},
  volume={10},
  number={2},
  pages={183--193},
  year={2020},
  publisher={Springer}
}

@inproceedings{fu2019hybrid,
  title={A hybrid CNN-LSTM model based actuator fault diagnosis for six-rotor UAVs},
  author={Fu, Jiangmeng and Sun, Cheng and Yu, Zhen and Liu, Lijun},
  booktitle={2019 chinese control and decision conference (ccdc)},
  pages={410--414},
  year={2019},
  organization={IEEE}
}

@article{geng2020epileptic,
  title={Epileptic seizure detection based on stockwell transform and bidirectional long short-term memory},
  author={Geng, Minxing and Zhou, Weidong and Liu, Guoyang and Li, Chaosong and Zhang, Yanli},
  journal={IEEE Transactions on Neural Systems and Rehabilitation Engineering},
  volume={28},
  number={3},
  pages={573--580},
  year={2020},
  publisher={IEEE}
}

@article{kim2019predicting,
  title={Predicting residential energy consumption using CNN-LSTM neural networks},
  author={Kim, Tae-Young and Cho, Sung-Bae},
  journal={Energy},
  volume={182},
  pages={72--81},
  year={2019},
  publisher={Elsevier}
}

@article{wang2019photovoltaic,
  title={Photovoltaic power forecasting based LSTM-Convolutional Network},
  author={Wang, Kejun and Qi, Xiaoxia and Liu, Hongda},
  journal={Energy},
  volume={189},
  pages={116225},
  year={2019},
  publisher={Elsevier}
}


@article{zheng2020automatic,
  title={An automatic diagnosis of arrhythmias using a combination of CNN and LSTM technology},
  author={Zheng, Zhenyu and Chen, Zhencheng and Hu, Fangrong and Zhu, Jianming and Tang, Qunfeng and Liang, Yongbo},
  journal={Electronics},
  volume={9},
  number={1},
  pages={121},
  year={2020},
  publisher={MDPI}
}

@article{sajjad2020novel,
  title={A novel CNN-GRU-based hybrid approach for short-term residential load forecasting},
  author={Sajjad, Muhammad and Khan, Zulfiqar Ahmad and Ullah, Amin and Hussain, Tanveer and Ullah, Waseem and Lee, Mi Young and Baik, Sung Wook},
  journal={Ieee Access},
  volume={8},
  pages={143759--143768},
  year={2020},
  publisher={IEEE}
}